<?xml version="1.0" encoding="UTF-8"?><collection xmlns="http://www.loc.gov/MARC21/slim"><record><leader>00556nam--2200193-i-4500</leader><controlfield tag="001">000041814</controlfield><controlfield tag="002">20161230</controlfield><controlfield tag="005">20161230201043</controlfield><controlfield tag="008">060222s1000------------r-----000-0-eng-d</controlfield><datafield ind1=" " ind2=" " tag="040"><subfield code="a">IFIN-HH</subfield></datafield><datafield ind1=" " ind2=" " tag="080"><subfield code="a">621.37.029.6</subfield></datafield><datafield ind1="1" ind2=" " tag="100"><subfield code="a">Slater,J.C</subfield></datafield><datafield ind1="1" ind2="0" tag="245"><subfield code="a">Microwave transmission</subfield><subfield code="c">J.c. slater</subfield></datafield><datafield ind1=" " ind2=" " tag="250"><subfield code="a">First Edition Eight Impression</subfield></datafield><datafield ind1=" " ind2=" " tag="260"><subfield code="a">New York</subfield><subfield code="b">Mcgraw-hill Book Company, Inc</subfield><subfield code="c">1942</subfield></datafield><datafield ind1=" " ind2=" " tag="300"><subfield code="a">309 P</subfield></datafield><datafield ind1=" " ind2=" " tag="490"><subfield code="a">International Series Pure And Applied Physics</subfield></datafield><datafield ind1=" " ind2=" " tag="852"><subfield code="a">934</subfield><subfield code="c">621.37.029.6:621.372.8</subfield></datafield><datafield ind1=" " ind2=" " tag="CAT"><subfield code="a">Sys</subfield><subfield code="c">20121123</subfield><subfield code="h">102659</subfield></datafield></record></collection>